% This file was created with JabRef 2.10.
% Encoding: UTF-8


@Electronic{Shoe,
  Title                    = {What is iBeacon},
  Author                   = {{5280mobile.net}},
  Note                     = {\url{http://5280mobile.net/ibeacon-proximity/}, Aufgerufen am 26.03.2015},

  Owner                    = {andre},
  Timestamp                = {2015.03.26}
}

@Article{RFID,
  Title                    = {Novel Semi-Passive RFID System for Indoor Localization,},
  Author                   = {{A. Athalye} and {V. Savic} and {M. Bolic} and {P. M. Djuric}},
  Journal                  = {IEEE Sensors Journal},
  Year                     = {2013},
  Note                     = {\url{http://ieeexplore.ieee.org/stamp/stamp.jsp?tp=&arnumber=6310003}, Aufgerufen am 19.03.2015},
  Number                   = {2},
  Pages                    = {528-537},
  Volume                   = {13},

  Owner                    = {andre},
  Timestamp                = {2015.03.19}
}

@Electronic{Bibel,
  Title                    = {iBeacon Bible 2.0},
  Author                   = {{A. Cavallini}},
  Note                     = {\url{https://meetingofideas.files.wordpress.com/2014/06/ibeacon-bible-2-0.pdf}, Aufgerufen am 17.03.2015},
  Year                     = {2015},

  Owner                    = {andre},
  Timestamp                = {2015.03.17}
}

@PhdThesis{Kanal,
  Title                    = {Modellierung des Zeit- und Fehlerverhaltens industrieller Funklösungen zur Bewertung der Koexistenz},
  Author                   = {{A. Schimschar}},
  School                   = {Otto-von-Guericke-Universität Magdeburg},
  Year                     = {2013},

  Owner                    = {andre},
  Timestamp                = {2015.04.23}
}

@Electronic{iBPa,
  Title                    = {How do iBeacons work?},
  Author                   = {{A. Warski}},
  Note                     = {\url{http://www.warski.org/blog/2014/01/how-ibeacons-work/}, Aufgerufen am 27.03.2015},

  Owner                    = {andre},
  Timestamp                = {2015.03.27}
}

@Electronic{MotoGV,
  Title                    = {Motorola Moto G},
  Author                   = {{Amazon.com, Inc.}},
  Note                     = {\url{http://www.amazon.de/Motorola-Smartphone-HD-Display-Megapixel-Quad-Core-Prozessor-Schwarz/dp/B00GJG0Q0I/ref=sr\_1\_1?ie=UTF8&qid=1428844430&sr=8-1&keywords=Motorola+Xt1032}, Aufgerufen am 12.04.2015},

  Owner                    = {andre},
  Timestamp                = {2015.04.12}
}

@Electronic{GSwiB,
  Title                    = {Getting Started with iBeacon},
  Author                   = {{Apple, Inc.}},
  Note                     = {\url{https://developer.apple.com/ibeacon/Getting-Started-with-iBeacon.pdf}, Aufgerufen am 25.03.2015},

  Owner                    = {andre},
  Timestamp                = {2015.03.25}
}

@Electronic{iLogo,
  Title                    = {iBeacon Logo},
  Author                   = {{Apple, Inc.}},
  Note                     = {\url{https://developer.apple.com/ibeacon/}, Aufgerufen am 16.03.2015},
  Year                     = {2015},

  Owner                    = {andre},
  Timestamp                = {2015.03.16}
}

@Electronic{ARM,
  Title                    = {Cortex-Mo Processor},
  Author                   = {{ARM Limited}},
  Note                     = {\url{http://www.arm.com/products/processors/cortex-m/cortex-m0.php}, Aufgerufen am 25.03.2015},

  Owner                    = {andre},
  Timestamp                = {2015.03.25}
}

@Article{Moto,
  Title                    = {Motorola Moto G Review},
  Author                   = {{B. Klug}},
  Journal                  = {www.anandtech.com},
  Note                     = {\url{http://www.anandtech.com/show/7586/motorola-moto-g-review/7}, Aufgerufen am 26.03.2015},

  Owner                    = {andre},
  Timestamp                = {2015.03.26}
}

@Electronic{BLElogo,
  Title                    = {Bluetooth Smart Logo},
  Author                   = {{Bluetooth SIG, Inc.}},
  Note                     = {\url{http://www.bluetooth.com/Pages/Bluetooth-Brand.aspx}, Aufgerufen am 15.03.2015},
  Year                     = {2014},

  Owner                    = {andre},
  Timestamp                = {2015.03.15}
}

@Article{Wib2BLE,
  Title                    = {SIG INTRODUCES BLUETOOTH LOW ENERGY WIRELESS TECHNOLOGY, THE NEXT GENERATION OF BLUETOOTH WIRELESS TECHNOLOGY},
  Author                   = {{Bluetooth SIG, Inc.}},
  Journal                  = {bluetooth.com},
  Year                     = {2009},
  Note                     = {\url{http://www.bluetooth.com/Pages/Press-Releases-Detail.aspx?ItemID=4}, Aufgerufen am 16.03.2015},

  Owner                    = {andre},
  Timestamp                = {2015.03.16}
}

@Article{Apple,
  Title                    = {Inside iOS 7: iBeacons enhance apps' location awareness via Bluetooth LE},
  Author                   = {{D. E. Dilger}},
  Journal                  = {appleinsider.com},
  Year                     = {2013},
  Note                     = {\url{http://appleinsider.com/articles/13/06/19/inside-ios-7-ibeacons-enhance-apps-location-awareness-via-bluetooth-le}, Aufgerufen am 15.03.2015},

  Owner                    = {andre},
  Timestamp                = {2015.03.15}
}

@PhdThesis{DisLok,
  Title                    = {Lokalisierung sich bewegender Objekte innerhalb und außerhalb von Gebäuden},
  Author                   = {{E. Köppe}},
  School                   = {Freie Universität Berlin},
  Year                     = {2014},
  Note                     = {\url{http://www.diss.fu-berlin.de/diss/servlets/MCRFileNodeServlet/FUDISS\_derivate\_000000015646/Arbeitx2014-08xonlinexVersion.pdf}, Aufgerufen am 15.03.2015},

  Owner                    = {andre},
  Timestamp                = {2015.03.15}
}

@TechReport{SPEA2,
  Title                    = {SPEA2: Improving the Strength Pareto Evolutionary Algorithm},
  Author                   = {{E. Zitzler} and {M. Laumanns} and {L. Thiele}},
  Institution              = {Swiss Federal Institute of Technology (ETH) Zurich},
  Year                     = {2001},

  Owner                    = {andre},
  Timestamp                = {2015.05.02}
}

@Electronic{Ekahau,
  Title                    = {Wi-Fi RTLS The Myths vs. The Facts},
  Author                   = {{Ekahau Inc.}},
  Note                     = {\url{http://www.ekahau.com/userData/ekahau/documents/white-papers/RTLS\_myths\_vs\_facts\_Ekahau\_2013\_letter.pdf}, Aufgerufen am 31.03.2015},

  Owner                    = {andre},
  Timestamp                = {2015.03.31}
}

@Electronic{GPS,
  Author                   = {{El pak}},
  Note                     = {\url{http://commons.wikimedia.org/wiki/File%3AConstellationGPS.gif}, Aufgerufen am 23.03.2015},
  Organization             = {Wikipedia},

  Owner                    = {andre},
  Timestamp                = {2015.03.23}
}

@Electronic{EstSDK,
  Title                    = {Estimote SDK for Android},
  Author                   = {{Estimote, Inc.}},
  Note                     = {\url{https://github.com/Estimote/Android-SDK}, Aufgerufen am 14.04.2015},

  Owner                    = {andre},
  Timestamp                = {2015.04.14}
}

@Electronic{TrEs,
  Title                    = {Estimote Indoor Localization},
  Author                   = {{Estimote, Inc.}},
  Note                     = {\url{http://estimote.com/indoor/}, Aufgerufen am 26.03.2015},

  Owner                    = {andre},
  Timestamp                = {2015.03.26}
}

@Electronic{BeaEx,
  Title                    = {Estimote Beacon Illustration 2},
  Author                   = {{Estimote, Inc.}},
  Note                     = {\url{http://estimote.com/assets/gfx/press/press-beacon-illustration-2.cd71f93a.png}, Aufgerufen am 17.03.2015},
  Year                     = {2015},

  Owner                    = {andre},
  Timestamp                = {2015.03.17}
}

@Electronic{DigRev,
  Title                    = {Macht der Maschinen},
  Author                   = {{G. Braunberger}},
  Note                     = {\url{http://www.faz.net/aktuell/wirtschaft/menschen-wirtschaft/digitale-revolution-macht-der-maschinen-12910372.html}, Aufgerufen am 26.03.2015},

  Owner                    = {andre},
  Timestamp                = {2015.03.26}
}

@Electronic{AndStu,
  Title                    = {Android Studio},
  Author                   = {{Google, Inc.}},
  Note                     = {\url{http://developer.android.com/tools/studio/index.html}, Aufgerufen am 14.04.2015},

  Owner                    = {andre},
  Timestamp                = {2015.04.14}
}

@Standard{GIM,
  Title                    = {Google Indoor Maps},
  Author                   = {{Google, Inc.}},
  Note                     = {\url{https://www.google.com/maps/about/partners/indoormaps/}, Aufgerufen am 22.03.2015},

  Owner                    = {andre},
  Timestamp                = {2015.03.22}
}

@Article{Stau,
  Title                    = {Stau-Warnung - Diese Verkehrslage-Dienste gibt es für Autofahrer},
  Author                   = {{H.-C. Dirscherl}},
  Journal                  = {http://www.pcwelt.de},
  Note                     = {\url{http://www.pcwelt.de/ratgeber/Stau-Warnung-Google-Maps-Tomtom-Verkehrslage-Echtzeitverkehrsinformationen-373385.html}, Aufgerufen am 26.03.2015},

  Owner                    = {andre},
  Timestamp                = {2015.03.26}
}

@Electronic{BuNet,
  Author                   = {{http://www.bundesnetzagentur.de}},
  Note                     = {\url{http://www.bundesnetzagentur.de/SharedDocs/Downloads/DE/Sachgebiete/Telekommunikation/Unternehmen\_Institutionen/Frequenzen/Allgemeinzuteilungen/2003\_76\_ISM\_pdf.pdf?\_\_blob=publicationFile&v=5}, Aufgerufen am 25.03.2015},

  Owner                    = {andre},
  Timestamp                = {2015.03.25}
}

@Electronic{FUE,
  Title                    = {Übersicht über die verschiedenen Funktechnologien},
  Author                   = {{http://www.itwissen.info}},
  Note                     = {\url{http://www.itwissen.info/definition/lexikon/ultra-low-power-Bluetooth-ULP-ULP-Bluetooth.html}, Aufgerufen am 24.03.2015},

  Owner                    = {andre},
  Timestamp                = {2015.03.24}
}

@Article{Magnet,
  Title                    = {Indoor-Positionierung mit künstlichen Magnetfeldern},
  Author                   = {{J. Blankenbach} and {A. Norrdine}},
  Journal                  = {zfv},
  Year                     = {2013},
  Note                     = {\url{geodaesie.info/sites/default/files/privat/zfv\_2013\_1\_Blankenbach\_Norrdine.pdf}, Aufgerufen am 14.03.2015},
  Volume                   = {1},

  Owner                    = {andre},
  Timestamp                = {2015.03.14}
}

@Article{PSO,
  Title                    = {Particle Swarm Optimization},
  Author                   = {{J. McCaffrey}},
  Journal                  = {MSDN Magazine},
  Year                     = {2011},
  Note                     = {\url{https://msdn.microsoft.com/en-us/magazine/hh335067.aspx}, Aufgerufen am 23.04.2015},

  Owner                    = {andre},
  Timestamp                = {2015.04.23}
}

@PhdThesis{IndLoc,
  Title                    = {Improving the Speed and Accuracy of Indoor Localization},
  Author                   = {{K. Kleisouris}},
  School                   = {New Brunswick - Rutgers University},
  Year                     = {2009},

  Owner                    = {andre},
  Timestamp                = {2015.03.19}
}

@Electronic{You,
  Title                    = {Datenblatt Youbot},
  Author                   = {{Kuka AG}},
  Note                     = {\url{http://www.kuka-labs.com/NR/rdonlyres/4833867A-D24F-410A-9AE4-300FBF671DFD/0/youBot\_datenblatt\_web\_0514.pdf}, Aufgerufen am 26.03.2015},

  Owner                    = {andre},
  Timestamp                = {2015.03.26}
}

@TechReport{ROSPaper,
  Title                    = {ROS: an open-source Robot Operating System},
  Author                   = {{M. Quigley} and {B. Gerkey} and {K. Conley} and {J. Faust} and {T. Foote} and {J. Leibs} and {E. Berger} and {R. Wheeler} and {A. Ng}},
  Note                     = {\url{https://www.willowgarage.com/sites/default/files/icraoss09-ROS.pdf}, Aufgerufen am 14.04.2015},

  Owner                    = {andre},
  Timestamp                = {2015.04.14}
}

@Electronic{GUIDE,
  Title                    = {MATLAB GUI},
  Author                   = {{MathWorks, Inc.}},
  Note                     = {\url{http://de.mathworks.com/discovery/matlab-gui.html}, Aufgerufen am 27.04.2015},

  Owner                    = {andre},
  Timestamp                = {2015.04.27}
}

@Electronic{Mira,
  Title                    = {Scitos G5},
  Author                   = {{MetraLabs GmbH}},
  Note                     = {\url{http://metralabs.com/index.php?option=com\_content&view=article&id=70&Itemid=64}, Aufgerufen am 13.04.2015},

  Owner                    = {andre},
  Timestamp                = {2015.04.13}
}

@Standard{MIL,
  Title                    = {Mobile Indoor Localization},
  Author                   = {{Microsoft Research}},
  Note                     = {\url{http://research.microsoft.com/en-us/projects/indoorloc/}, Aufgerufen am 22.03.2015},

  Owner                    = {andre},
  Timestamp                = {2015.03.22}
}

@Electronic{MobGerSt,
  Title                    = {Marktanteile mobiler Betriebssysteme Q1 2014},
  Author                   = {{mobile-studien.de}},
  Note                     = {\url{http://mobile-studien.de/marktanteile-betriebssysteme/marktanteile-mobiler-betriebssysteme-q1-2014/}, Aufgerufen am 16.03.2015},
  Year                     = {2014},

  Owner                    = {andre},
  Timestamp                = {2015.03.16}
}

@Article{InterBLEWLAN,
  Title                    = {Interference Evaluation of Bluetooth and IEEE 802.11b Systems},
  Author                   = {{N. Golmie} and {R.E. Van Dyck} and {A. Soltanian} and {A. Tonnerre} and {O. Rebala}},
  Journal                  = {Wireless Networks},
  Year                     = {2003},
  Volume                   = {9},

  Owner                    = {andre},
  Timestamp                = {2015.04.20}
}

@Electronic{nRF5,
  Title                    = {nRF51822 Datasheet},
  Author                   = {{Nordic Semiconductor}},
  Note                     = {\url{http://www.nordicsemi.com/eng/Products/Bluetooth-Smart-Bluetooth-low-energy/nRF51822}, Aufgerufen am 27.03.2015},

  Owner                    = {andre},
  Timestamp                = {2015.03.27}
}

@TechReport{WII,
  Title                    = {WINNER II Channel Models},
  Author                   = {{P. Kyösti et al}},
  Institution              = {WINNER},
  Year                     = {2007},
  Note                     = {\url{http://www.ist-winner.org/WINNER2-Deliverables/D1.1.2v1.1.pdf}, Aufgerufen am 23.04.2015},

  Owner                    = {andre},
  Timestamp                = {2015.04.23}
}

@Electronic{IMUFilter,
  Title                    = {Android Sensor Fusion Tutorial},
  Author                   = {{P. Lawitzki}},
  Note                     = {\url{http://www.codeproject.com/Articles/729759/Android-Sensor-Fusion-Tutorial}, Aufgerufen am 16.04.2015},

  Owner                    = {andre},
  Timestamp                = {2015.04.16}
}

@Article{Trilat,
  Title                    = {Node Positioning in ZigBee Network Using Trilateration MethodBased on the Received Signal Strength Indicator (RSSI)},
  Author                   = {{R. Mardeni} and {S. N. Othman}},
  Journal                  = {European Journal of Scientific Research},
  Note                     = {\url{http://godieboy.com/wp-content/uploads/2012/05/ejsr\_46\_1\_05.pdf}, Aufgerufen am 31.03.2015},

  Owner                    = {andre},
  Timestamp                = {2015.03.31}
}

@Electronic{AndWLBT,
  Title                    = {Nexus 4 loses wifi connection when bluetooth is in use},
  Author                   = {{r...@themmteam.com}},
  Note                     = {\url{https://code.google.com/p/android/issues/detail?id=41631}, Aufgerufen am 18.04.2015},

  Owner                    = {andre},
  Timestamp                = {2015.04.18}
}

@Electronic{ROSErkl,
  Title                    = {About ROS},
  Author                   = {{ROS.org}},
  Note                     = {\url{http://www.ros.org/about-ros/}, Aufgerufen am 16.04.2015},

  Owner                    = {andre},
  Timestamp                = {2015.04.16}
}

@Electronic{ROSjava,
  Title                    = {rosjava},
  Author                   = {{ROSjava Organisation}},
  Note                     = {\url{http://wiki.ros.org/rosjava}, Aufgerufen am 15.04.2015},

  Owner                    = {andre},
  Timestamp                = {2015.04.15}
}

@Electronic{CR2450,
  Title                    = {Datenblatt CR2450B},
  Author                   = {{Sony Corporation}},
  Note                     = {\url{http://www.sony.net/Products/MicroBattery/cr/pdf/cr2450b.pdf}, Aufgerufen am 25.03.2015},

  Owner                    = {andre},
  Timestamp                = {2015.03.25}
}

@Standard{EVA,
  Title                    = {Evaluation Of RF-Based Indoor Localization Solutions For The Future Internet (EVARILOS)},
  Author                   = {{Technische Universität Berlin} and {ADVANTIC Sistemas y Servicios S.L.} and {iMinds} and {SICS Swedish ICT AB} and {Televic Healthcare}},
  Note                     = {\url{http://www.evarilos.eu}, Aufgerufen am 22.03.2015},

  Owner                    = {andre},
  Timestamp                = {2015.03.22}
}

@Article{Nokia,
  Title                    = {Nokia stellt drahtlose "`Wibree"'-Technik als Bluetooth-Ergänzung vor},
  Author                   = {{U. Kauss}},
  Journal                  = {tomshardware.de},
  Year                     = {2006},
  Note                     = {\url{http://www.tomshardware.de/nokia-stellt-wibree-vor,news-14032.html}, Aufgerufen am 15.03.2015},

  Owner                    = {andre},
  Timestamp                = {2015.03.15}
}

@Article{SimAnn,
  Title                    = {Global optimization of statistical functions with simulated annealing},
  Author                   = {{W. L.Goffe} and {G. D. Ferrier} and {J. Rogers}},
  Journal                  = {Journal of Econometrics},
  Year                     = {1994},
  Note                     = {\url{http://www.cpdee.ufmg.br/~joao/OtimMultiobjetivo/SimulatedAnnealing/Golfe1999.pdf}, Aufgerufen am 25.04.2015},
  Volume                   = {60},

  Owner                    = {andre},
  Timestamp                = {2015.05.02}
}

@Electronic{Airpo,
  Title                    = {iBeacon Airport},
  Author                   = {{www.contechlab.com}},
  Note                     = {\url{http://www.contechlab.com/ibeacon-application-in-airport/}, Aufgerufen am 26.03.2015},

  Owner                    = {andre},
  Timestamp                = {2015.03.26}
}

@Standard{WLAN,
  Title                    = {FM-based Indoor Localization},
  Organization             = {Microsoft Research},
  Author                   = {{Y. Chen} and {D. Lymberopoulos} and {J. Liu} and {B. Priyantha}},
  Note                     = {\url{http://research.microsoft.com/pubs/163038/sys029fp-Chen.pdf}, Aufgerufen am 14.03.2015},

  Owner                    = {andre},
  Timestamp                = {2015.03.14}
}

